# chapter1
@inproceedings{yu2015visual,
  title={Visual madlibs: Fill in the blank description generation and question answering},
  author={Yu, Licheng and Park, Eunbyung and Berg, Alexander C and Berg, Tamara L},
  booktitle={Proceedings of the ieee international conference on computer vision},
  pages={2461--2469},
  year={2015}
}

@article{wu2017visual,
  title={Visual question answering: A survey of methods and datasets},
  author={Wu, Qi and Teney, Damien and Wang, Peng and Shen, Chunhua and Dick, Anthony and Van Den Hengel, Anton},
  journal={Computer Vision and Image Understanding},
  volume={163},
  pages={21--40},
  year={2017},
  publisher={Elsevier}
}

@incollection{wu2022medical,
  title={Medical VQA},
  author={Wu, Qi and Wang, Peng and Wang, Xin and He, Xiaodong and Zhu, Wenwu},
  booktitle={Visual Question Answering: From Theory to Application},
  pages={165--176},
  year={2022},
  publisher={Springer}
}
#cnn
@article{lecun1998gradient,
  title={Gradient-based learning applied to document recognition},
  author={LeCun, Yann and Bottou, L{\'e}on and Bengio, Yoshua and Haffner, Patrick},
  journal={Proceedings of the IEEE},
  volume={86},
  number={11},
  pages={2278--2324},
  year={1998},
  publisher={Ieee}
}
#rnn
@article{elman1990finding,
  title={Finding structure in time},
  author={Elman, Jeffrey L},
  journal={Cognitive science},
  volume={14},
  number={2},
  pages={179--211},
  year={1990},
  publisher={Wiley Online Library}
}
#lstm
@article{hochreiter1997long,
  title={Long short-term memory},
  author={Hochreiter, Sepp and Schmidhuber, J{\"u}rgen},
  journal={Neural computation},
  volume={9},
  number={8},
  pages={1735--1780},
  year={1997},
  publisher={MIT press}
}

@article{malinowski2014multi,
  title={A multi-world approach to question answering about real-world scenes based on uncertain input},
  author={Malinowski, Mateusz and Fritz, Mario},
  journal={Advances in neural information processing systems},
  volume={27},
  year={2014}
}

@inproceedings{kafle2016answer,
  title={Answer-type prediction for visual question answering},
  author={Kafle, Kushal and Kanan, Christopher},
  booktitle={Proceedings of the IEEE conference on computer vision and pattern recognition},
  pages={4976--4984},
  year={2016}
}

@article{zhou2015simple,
  title={Simple baseline for visual question answering},
  author={Zhou, Bolei and Tian, Yuandong and Sukhbaatar, Sainbayar and Szlam, Arthur and Fergus, Rob},
  journal={arXiv preprint arXiv:1512.02167},
  year={2015}
}

@article{ren2015exploring,
  title={Exploring models and data for image question answering},
  author={Ren, Mengye and Kiros, Ryan and Zemel, Richard},
  journal={Advances in neural information processing systems},
  volume={28},
  year={2015}
}

@inproceedings{shih2016look,
  title={Where to look: Focus regions for visual question answering},
  author={Shih, Kevin J and Singh, Saurabh and Hoiem, Derek},
  booktitle={Proceedings of the IEEE conference on computer vision and pattern recognition},
  pages={4613--4621},
  year={2016}
}

@inproceedings{zhu2016visual7w,
  title={Visual7w: Grounded question answering in images},
  author={Zhu, Yuke and Groth, Oliver and Bernstein, Michael and Fei-Fei, Li},
  booktitle={Proceedings of the IEEE conference on computer vision and pattern recognition},
  pages={4995--5004},
  year={2016}
}

@article{liu2016attention,
  title={Attention-based recurrent neural network models for joint intent detection and slot filling},
  author={Liu, Bing and Lane, Ian},
  journal={arXiv preprint arXiv:1609.01454},
  year={2016}
}

@article{kim2018bilinear,
  title={Bilinear attention networks},
  author={Kim, Jin-Hwa and Jun, Jaehyun and Zhang, Byoung-Tak},
  journal={Advances in neural information processing systems},
  volume={31},
  year={2018}
}

@inproceedings{nguyen2019overcoming,
  title={Overcoming data limitation in medical visual question answering},
  author={Nguyen, Binh D and Do, Thanh-Toan and Nguyen, Binh X and Do, Tuong and Tjiputra, Erman and Tran, Quang D},
  booktitle={Medical Image Computing and Computer Assisted Intervention--MICCAI 2019: 22nd International Conference, Shenzhen, China, October 13--17, 2019, Proceedings, Part IV 22},
  pages={522--530},
  year={2019},
  organization={Springer}
}

@inproceedings{zhan2020medical,
  title={Medical visual question answering via conditional reasoning},
  author={Zhan, Li-Ming and Liu, Bo and Fan, Lu and Chen, Jiaxin and Wu, Xiao-Ming},
  booktitle={Proceedings of the 28th ACM International Conference on Multimedia},
  pages={2345--2354},
  year={2020}
}

@inproceedings{gong2021cross,
  title={Cross-modal self-attention with multi-task pre-training for medical visual question answering},
  author={Gong, Haifan and Chen, Guanqi and Liu, Sishuo and Yu, Yizhou and Li, Guanbin},
  booktitle={Proceedings of the 2021 international conference on multimedia retrieval},
  pages={456--460},
  year={2021}
}

@inproceedings{do2021multiple,
  title={Multiple meta-model quantifying for medical visual question answering},
  author={Do, Tuong and Nguyen, Binh X and Tjiputra, Erman and Tran, Minh and Tran, Quang D and Nguyen, Anh},
  booktitle={Medical Image Computing and Computer Assisted Intervention--MICCAI 2021: 24th International Conference, Strasbourg, France, September 27--October 1, 2021, Proceedings, Part V 24},
  pages={64--74},
  year={2021},
  organization={Springer}
}

@article{eslami2021does,
  title={Does clip benefit visual question answering in the medical domain as much as it does in the general domain?},
  author={Eslami, Sedigheh and de Melo, Gerard and Meinel, Christoph},
  journal={arXiv preprint arXiv:2112.13906},
  year={2021}
}

@inproceedings{chen2022align,
  title={Align, Reason and Learn: Enhancing Medical Vision-and-Language Pre-training with Knowledge},
  author={Chen, Zhihong and Li, Guanbin and Wan, Xiang},
  booktitle={Proceedings of the 30th ACM International Conference on Multimedia},
  pages={5152--5161},
  year={2022}
}

@article{lin2021medical,
  title={Medical visual question answering: A survey},
  author={Lin, Zhihong and Zhang, Donghao and Tac, Qingyi and Shi, Danli and Haffari, Gholamreza and Wu, Qi and He, Mingguang and Ge, Zongyuan},
  journal={arXiv preprint arXiv:2111.10056},
  year={2021}
}

@article{bahdanau2014neural,
  title={Neural machine translation by jointly learning to align and translate},
  author={Bahdanau, Dzmitry and Cho, Kyunghyun and Bengio, Yoshua},
  journal={arXiv preprint arXiv:1409.0473},
  year={2014}
}

@article{huang2021makes,
  title={What makes multi-modal learning better than single (provably)},
  author={Huang, Yu and Du, Chenzhuang and Xue, Zihui and Chen, Xuanyao and Zhao, Hang and Huang, Longbo},
  journal={Advances in Neural Information Processing Systems},
  volume={34},
  pages={10944--10956},
  year={2021}
}

# 第一章非排序
@inproceedings{ben2021overview,
  title={Overview of the vqa-med task at imageclef 2021: Visual question answering and generation in the medical domain},
  author={Ben Abacha, Asma and Sarrouti, Mourad and Demner-Fushman, Dina and Hasan, Sadid A and M{\"u}ller, Henning},
  booktitle={Proceedings of the CLEF 2021 Conference and Labs of the Evaluation Forum-working notes},
  year={2021},
  organization={21-24 September 2021}
}

@inproceedings{ngiam2011multimodal,
  title={Multimodal deep learning},
  author={Ngiam, Jiquan and Khosla, Aditya and Kim, Mingyu and Nam, Juhan and Lee, Honglak and Ng, Andrew Y},
  booktitle={Proceedings of the 28th international conference on machine learning (ICML-11)},
  pages={689--696},
  year={2011}
}

@article{teney2017visual,
  title={Visual question answering: A tutorial},
  author={Teney, Damien and Wu, Qi and van den Hengel, Anton},
  journal={IEEE Signal Processing Magazine},
  volume={34},
  number={6},
  pages={63--75},
  year={2017},
  publisher={IEEE}
}

@inproceedings{masci2011stacked,
  title={Stacked convolutional auto-encoders for hierarchical feature extraction},
  author={Masci, Jonathan and Meier, Ueli and Cire{\c{s}}an, Dan and Schmidhuber, J{\"u}rgen},
  booktitle={Artificial Neural Networks and Machine Learning--ICANN 2011: 21st International Conference on Artificial Neural Networks, Espoo, Finland, June 14-17, 2011, Proceedings, Part I 21},
  pages={52--59},
  year={2011},
  organization={Springer}
}

@article{rosenblatt1958perceptron,
  title={The perceptron: a probabilistic model for information storage and organization in the brain.},
  author={Rosenblatt, Frank},
  journal={Psychological review},
  volume={65},
  number={6},
  pages={386},
  year={1958},
  publisher={American Psychological Association}
}

@article{baltruvsaitis2018multimodal,
  title={Multimodal machine learning: A survey and taxonomy},
  author={Baltru{\v{s}}aitis, Tadas and Ahuja, Chaitanya and Morency, Louis-Philippe},
  journal={IEEE transactions on pattern analysis and machine intelligence},
  volume={41},
  number={2},
  pages={423--443},
  year={2018},
  publisher={IEEE}
}

@inproceedings{yang2016stacked,
  title={Stacked attention networks for image question answering},
  author={Yang, Zichao and He, Xiaodong and Gao, Jianfeng and Deng, Li and Smola, Alex},
  booktitle={Proceedings of the IEEE conference on computer vision and pattern recognition},
  pages={21--29},
  year={2016}
}

@article{maron1997framework,
  title={A framework for multiple-instance learning},
  author={Maron, Oded and Lozano-P{\'e}rez, Tom{\'a}s},
  journal={Advances in neural information processing systems},
  volume={10},
  year={1997}
}

@article{malinowski2014multi,
  title={A multi-world approach to question answering about real-world scenes based on uncertain input},
  author={Malinowski, Mateusz and Fritz, Mario},
  journal={Advances in neural information processing systems},
  volume={27},
  year={2014}
}
@inproceedings{ma2016learning,
  title={Learning to answer questions from image using convolutional neural network},
  author={Ma, Lin and Lu, Zhengdong and Li, Hang},
  booktitle={Proceedings of the AAAI Conference on Artificial Intelligence},
  volume={30},
  number={1},
  year={2016}
}

@article{malinowski2017ask,
  title={Ask your neurons: A deep learning approach to visual question answering},
  author={Malinowski, Mateusz and Rohrbach, Marcus and Fritz, Mario},
  journal={International Journal of Computer Vision},
  volume={125},
  pages={110--135},
  year={2017},
  publisher={Springer}
}

@inproceedings{zitnick2014edge,
  title={Edge boxes: Locating object proposals from edges},
  author={Zitnick, C Lawrence and Doll{\'a}r, Piotr},
  booktitle={Computer Vision--ECCV 2014: 13th European Conference, Zurich, Switzerland, September 6-12, 2014, Proceedings, Part V 13},
  pages={391--405},
  year={2014},
  organization={Springer}
}

@inproceedings{nam2017dual,
  title={Dual attention networks for multimodal reasoning and matching},
  author={Nam, Hyeonseob and Ha, Jung-Woo and Kim, Jeonghee},
  booktitle={Proceedings of the IEEE conference on computer vision and pattern recognition},
  pages={299--307},
  year={2017}
}

@article{lu2019vilbert,
  title={Vilbert: Pretraining task-agnostic visiolinguistic representations for vision-and-language tasks},
  author={Lu, Jiasen and Batra, Dhruv and Parikh, Devi and Lee, Stefan},
  journal={Advances in neural information processing systems},
  volume={32},
  year={2019}
}

@article{li2019visualbert,
  title={Visualbert: A simple and performant baseline for vision and language},
  author={Li, Liunian Harold and Yatskar, Mark and Yin, Da and Hsieh, Cho-Jui and Chang, Kai-Wei},
  journal={arXiv preprint arXiv:1908.03557},
  year={2019}
}

@inproceedings{kim2021vilt,
  title={Vilt: Vision-and-language transformer without convolution or region supervision},
  author={Kim, Wonjae and Son, Bokyung and Kim, Ildoo},
  booktitle={International Conference on Machine Learning},
  pages={5583--5594},
  year={2021},
  organization={PMLR}
}
# 以下是非第一章，未按顺序编号的引用
# chapter2
@inproceedings{shah2019kvqa,
  title={Kvqa: Knowledge-aware visual question answering},
  author={Shah, Sanket and Mishra, Anand and Yadati, Naganand and Talukdar, Partha Pratim},
  booktitle={Proceedings of the AAAI conference on artificial intelligence},
  volume={33},
  number={01},
  pages={8876--8884},
  year={2019}
}

@inproceedings{antol2015vqa,
  title={Vqa: Visual question answering},
  author={Antol, Stanislaw and Agrawal, Aishwarya and Lu, Jiasen and Mitchell, Margaret and Batra, Dhruv and Zitnick, C Lawrence and Parikh, Devi},
  booktitle={Proceedings of the IEEE international conference on computer vision},
  pages={2425--2433},
  year={2015}
}

@inproceedings{masci2011stacked,
  title={Stacked convolutional auto-encoders for hierarchical feature extraction},
  author={Masci, Jonathan and Meier, Ueli and Cire{\c{s}}an, Dan and Schmidhuber, J{\"u}rgen},
  booktitle={Artificial Neural Networks and Machine Learning--ICANN 2011: 21st International Conference on Artificial Neural Networks, Espoo, Finland, June 14-17, 2011, Proceedings, Part I 21},
  pages={52--59},
  year={2011},
  organization={Springer}
}

@inproceedings{radford2021learning,
  title={Learning transferable visual models from natural language supervision},
  author={Radford, Alec and Kim, Jong Wook and Hallacy, Chris and Ramesh, Aditya and Goh, Gabriel and Agarwal, Sandhini and Sastry, Girish and Askell, Amanda and Mishkin, Pamela and Clark, Jack and others},
  booktitle={International conference on machine learning},
  pages={8748--8763},
  year={2021},
  organization={PMLR}
}

@article{mikolov2013efficient,
  title={Efficient estimation of word representations in vector space},
  author={Mikolov, Tomas and Chen, Kai and Corrado, Greg and Dean, Jeffrey},
  journal={arXiv preprint arXiv:1301.3781},
  year={2013}
}

@article{mikolov2013distributed,
  title={Distributed representations of words and phrases and their compositionality},
  author={Mikolov, Tomas and Sutskever, Ilya and Chen, Kai and Corrado, Greg S and Dean, Jeff},
  journal={Advances in neural information processing systems},
  volume={26},
  year={2013}
}

@article{devlin2018bert,
  title={Bert: Pre-training of deep bidirectional transformers for language understanding},
  author={Devlin, Jacob and Chang, Ming-Wei and Lee, Kenton and Toutanova, Kristina},
  journal={arXiv preprint arXiv:1810.04805},
  year={2018}
}

@article{vaswani2017attention,
  title={Attention is all you need},
  author={Vaswani, Ashish and Shazeer, Noam and Parmar, Niki and Uszkoreit, Jakob and Jones, Llion and Gomez, Aidan N and Kaiser, {\L}ukasz and Polosukhin, Illia},
  journal={Advances in neural information processing systems},
  volume={30},
  year={2017}
}

@inproceedings{xu2015show,
  title={Show, attend and tell: Neural image caption generation with visual attention},
  author={Xu, Kelvin and Ba, Jimmy and Kiros, Ryan and Cho, Kyunghyun and Courville, Aaron and Salakhudinov, Ruslan and Zemel, Rich and Bengio, Yoshua},
  booktitle={International conference on machine learning},
  pages={2048--2057},
  year={2015},
  organization={PMLR}
}

@inproceedings{pearl1985bayesian,
  title={Bayesian netwcrks: A model cf self-activated memory for evidential reasoning},
  author={Pearl, Judea},
  booktitle={Proceedings of the 7th conference of the Cognitive Science Society, University of California, Irvine, CA, USA},
  pages={15--17},
  year={1985}
}

@article{jordan1999introduction,
  title={An introduction to variational methods for graphical models},
  author={Jordan, Michael I and Ghahramani, Zoubin and Jaakkola, Tommi S and Saul, Lawrence K},
  journal={Machine learning},
  volume={37},
  pages={183--233},
  year={1999},
  publisher={Springer}
}

@article{metropolis1953equation,
  title={Equation of state calculations by fast computing machines},
  author={Metropolis, Nicholas and Rosenbluth, Arianna W and Rosenbluth, Marshall N and Teller, Augusta H and Teller, Edward},
  journal={The journal of chemical physics},
  volume={21},
  number={6},
  pages={1087--1092},
  year={1953},
  publisher={American Institute of Physics}
}

@inproceedings{pennington2014glove,
  title={Glove: Global vectors for word representation},
  author={Pennington, Jeffrey and Socher, Richard and Manning, Christopher D},
  booktitle={Proceedings of the 2014 conference on empirical methods in natural language processing (EMNLP)},
  pages={1532--1543},
  year={2014}
}
# chapter3
@inproceedings{malinowski2015ask,
  title={Ask your neurons: A neural-based approach to answering questions about images},
  author={Malinowski, Mateusz and Rohrbach, Marcus and Fritz, Mario},
  booktitle={Proceedings of the IEEE international conference on computer vision},
  pages={1--9},
  year={2015}
}

@inproceedings{gao2019dynamic,
  title={Dynamic fusion with intra-and inter-modality attention flow for visual question answering},
  author={Gao, Peng and Jiang, Zhengkai and You, Haoxuan and Lu, Pan and Hoi, Steven CH and Wang, Xiaogang and Li, Hongsheng},
  booktitle={Proceedings of the IEEE/CVF conference on computer vision and pattern recognition},
  pages={6639--6648},
  year={2019}
}

@article{lau2018dataset,
  title={A dataset of clinically generated visual questions and answers about radiology images},
  author={Lau, Jason J and Gayen, Soumya and Ben Abacha, Asma and Demner-Fushman, Dina},
  journal={Scientific data},
  volume={5},
  number={1},
  pages={1--10},
  year={2018},
  publisher={Nature Publishing Group}
}

@inproceedings{liu2021slake,
  title={Slake: A semantically-labeled knowledge-enhanced dataset for medical visual question answering},
  author={Liu, Bo and Zhan, Li-Ming and Xu, Li and Ma, Lin and Yang, Yan and Wu, Xiao-Ming},
  booktitle={2021 IEEE 18th International Symposium on Biomedical Imaging (ISBI)},
  pages={1650--1654},
  year={2021},
  organization={IEEE}
}

@inproceedings{hasan2018overview,
  title={Overview of ImageCLEF 2018 Medical Domain Visual Question Answering Task.},
  author={Hasan, Sadid A and Ling, Yuan and Farri, Oladimeji and Liu, Joey and M{\"u}ller, Henning and Lungren, Matthew P},
  booktitle={CLEF (Working Notes)},
  year={2018}
}
# chapter4
 @article{Pang_Cheng_Hu_Liu_2021,  
 title={Evaluating the Robustness of Bayesian Neural Networks Against Different Types of Attacks}, 
 journal={Cornell University - arXiv}, 
 author={Pang, Yutian and Cheng, Sheng and Hu, Jueming and Liu, Yongming}, 
 year={2021}, 
 month={Jun}, 
 language={en-US} 
 }

@article{shridhar2019comprehensive,
  title={A comprehensive guide to bayesian convolutional neural network with variational inference},
  author={Shridhar, Kumar and Laumann, Felix and Liwicki, Marcus},
  journal={arXiv preprint arXiv:1901.02731},
  year={2019}
}

@inproceedings{blundell2015weight,
  title={Weight uncertainty in neural network},
  author={Blundell, Charles and Cornebise, Julien and Kavukcuoglu, Koray and Wierstra, Daan},
  booktitle={International conference on machine learning},
  pages={1613--1622},
  year={2015},
  organization={PMLR}
}

@article{mcneish2016using,
  title={On using Bayesian methods to address small sample problems},
  author={McNeish, Daniel},
  journal={Structural Equation Modeling: A Multidisciplinary Journal},
  volume={23},
  number={5},
  pages={750--773},
  year={2016},
  publisher={Taylor \& Francis}
}

@inproceedings{liu2021slake,
  title={Slake: A semantically-labeled knowledge-enhanced dataset for medical visual question answering},
  author={Liu, Bo and Zhan, Li-Ming and Xu, Li and Ma, Lin and Yang, Yan and Wu, Xiao-Ming},
  booktitle={2021 IEEE 18th International Symposium on Biomedical Imaging (ISBI)},
  pages={1650--1654},
  year={2021},
  organization={IEEE}
}

@article{he2020pathvqa,
  title={Pathvqa: 30000+ questions for medical visual question answering},
  author={He, Xuehai and Zhang, Yichen and Mou, Luntian and Xing, Eric and Xie, Pengtao},
  journal={arXiv preprint arXiv:2003.10286},
  year={2020}
}

@article{mcneish2016using,
  title={On using Bayesian methods to address small sample problems},
  author={McNeish, Daniel},
  journal={Structural Equation Modeling: A Multidisciplinary Journal},
  volume={23},
  number={5},
  pages={750--773},
  year={2016},
  publisher={Taylor \& Francis}
}

@inproceedings{welling2011bayesian,
  title={Bayesian learning via stochastic gradient Langevin dynamics},
  author={Welling, Max and Teh, Yee W},
  booktitle={Proceedings of the 28th international conference on machine learning (ICML-11)},
  pages={681--688},
  year={2011}
}

@inproceedings{gal2016dropout,
  title={Dropout as a bayesian approximation: Representing model uncertainty in deep learning},
  author={Gal, Yarin and Ghahramani, Zoubin},
  booktitle={international conference on machine learning},
  pages={1050--1059},
  year={2016},
  organization={PMLR}
}

@inproceedings{deng2021libre,
  title={Libre: A practical bayesian approach to adversarial detection},
  author={Deng, Zhijie and Yang, Xiao and Xu, Shizhen and Su, Hang and Zhu, Jun},
  booktitle={Proceedings of the IEEE/CVF conference on computer vision and pattern recognition},
  pages={972--982},
  year={2021}
}

@inproceedings{hinton1993keeping,
  title={Keeping the neural networks simple by minimizing the description length of the weights},
  author={Hinton, Geoffrey E and Van Camp, Drew},
  booktitle={Proceedings of the sixth annual conference on Computational learning theory},
  pages={5--13},
  year={1993}
}

@article{graves2011practical,
  title={Practical variational inference for neural networks},
  author={Graves, Alex},
  journal={Advances in neural information processing systems},
  volume={24},
  year={2011}
}

@article{neal1998view,
  title={A view of the EM algorithm that justifies incremental, sparse, and other variants},
  author={Neal, Radford M and Hinton, Geoffrey E},
  journal={Learning in graphical models},
  pages={355--368},
  year={1998},
  publisher={Springer}
}

@article{friston2007variational,
  title={Variational free energy and the Laplace approximation},
  author={Friston, Karl and Mattout, J{\'e}r{\'e}mie and Trujillo-Barreto, Nelson and Ashburner, John and Penny, Will},
  journal={Neuroimage},
  volume={34},
  number={1},
  pages={220--234},
  year={2007},
  publisher={Elsevier}
}

@article{jaakkola2000bayesian,
  title={Bayesian parameter estimation via variational methods},
  author={Jaakkola, Tommi S and Jordan, Michael I},
  journal={Statistics and Computing},
  volume={10},
  pages={25--37},
  year={2000},
  publisher={Kluwer Academic Publishers}
}

@article{kingma2013auto,
  title={Auto-encoding variational bayes},
  author={Kingma, Diederik P and Welling, Max},
  journal={arXiv preprint arXiv:1312.6114},
  year={2013}
}

@article{kwon2020uncertainty,
  title={Uncertainty quantification using Bayesian neural networks in classification: Application to biomedical image segmentation},
  author={Kwon, Yongchan and Won, Joong-Ho and Kim, Beom Joon and Paik, Myunghee Cho},
  journal={Computational Statistics \& Data Analysis},
  volume={142},
  pages={106816},
  year={2020},
  publisher={Elsevier}
}

@article{shridhar2018uncertainty,
  title={Uncertainty estimations by softplus normalization in bayesian convolutional neural networks with variational inference},
  author={Shridhar, Kumar and Laumann, Felix and Liwicki, Marcus},
  journal={arXiv preprint arXiv:1806.05978},
  year={2018}
}

@article{kendall2017uncertainties,
  title={What uncertainties do we need in bayesian deep learning for computer vision?},
  author={Kendall, Alex and Gal, Yarin},
  journal={Advances in neural information processing systems},
  volume={30},
  year={2017}
}
# chapter5
@article{zhu2023minigpt,
  title={MiniGPT-4: Enhancing Vision-Language Understanding with Advanced Large Language Models},
  author={Zhu, Deyao and Chen, Jun and Shen, Xiaoqian and Li, Xiang and Elhoseiny, Mohamed},
  journal={arXiv preprint arXiv:2304.10592},
  year={2023}
}